@misc{ncei2024ghcnd,
  author       = {{National Centers for Environmental Information}},
  title        = {Global historical climatology network daily (GHCN-D)},
  year         = {2024},
  url          = {https://www.ncei.noaa.gov/products/land-based-station/global-historical-climatology-network-daily},
  note         = {Accessed on 2024-09-09}
}
